<collection xmlns="http://www.loc.gov/MARC21/slim">
   <record>
      <leader>03608cam a2200529 i 4500</leader>
      <controlfield tag="001">6709649</controlfield>
      <controlfield tag="003">OCoLC</controlfield>
      <controlfield tag="005">20140930093736.0</controlfield>
      <controlfield tag="008">140401s2015    paua     b    001 0 eng  </controlfield>
      <datafield ind1=" " ind2=" " tag="010">
         <subfield code="a">  2014012813</subfield>
      </datafield>
      <datafield ind1=" " ind2=" " tag="015">
         <subfield code="a">GBB474723</subfield>
         <subfield code="2">bnb</subfield>
      </datafield>
      <datafield ind1="7" ind2=" " tag="016">
         <subfield code="a">101629484</subfield>
         <subfield code="2">DNLM</subfield>
      </datafield>
      <datafield ind1="7" ind2=" " tag="016">
         <subfield code="a">016794849</subfield>
         <subfield code="2">Uk</subfield>
      </datafield>
      <datafield ind1=" " ind2=" " tag="020">
         <subfield code="a">9781451194180 (paperback)</subfield>
      </datafield>
      <datafield ind1=" " ind2=" " tag="020">
         <subfield code="a">1451194188 (paperback)</subfield>
      </datafield>
      <datafield ind1=" " ind2=" " tag="035">
         <subfield code="a">ocn875629918</subfield>
      </datafield>
      <datafield ind1=" " ind2=" " tag="040">
         <subfield code="a">DNLM/DLC</subfield>
         <subfield code="e">rda</subfield>
         <subfield code="b">eng</subfield>
         <subfield code="c">DLC</subfield>
         <subfield code="d">YDX</subfield>
         <subfield code="d">NLM</subfield>
         <subfield code="d">YDXCP</subfield>
         <subfield code="d">UKMGB</subfield>
         <subfield code="d">PAU</subfield>
         <subfield code="d">VET</subfield>
         <subfield code="d">OCLCO</subfield>
         <subfield code="d">UAB</subfield>
      </datafield>
      <datafield ind1=" " ind2=" " tag="042">
         <subfield code="a">pcc</subfield>
      </datafield>
      <datafield ind1="0" ind2="0" tag="050">
         <subfield code="a">RK308.3</subfield>
         <subfield code="b">.P53 2015</subfield>
      </datafield>
      <datafield ind1="0" ind2="0" tag="060">
         <subfield code="a">2014 J-439</subfield>
      </datafield>
      <datafield ind1="1" ind2="0" tag="060">
         <subfield code="a">WU 105</subfield>
      </datafield>
      <datafield ind1="0" ind2="0" tag="082">
         <subfield code="a">617.6/0751</subfield>
         <subfield code="2">23</subfield>
      </datafield>
      <datafield ind1=" " ind2=" " tag="090">
         <subfield code="a">RK 308.3 P53 2015</subfield>
         <subfield code="b">AEU</subfield>
      </datafield>
      <datafield ind1="1" ind2=" " tag="100">
         <subfield code="a">Pickett, Frieda Atherton,</subfield>
         <subfield code="e">author.</subfield>
         <subfield code="0">http://id.loc.gov/authorities/names/n93091966</subfield>
         <subfield code="0">http://viaf.org/viaf/159820</subfield>
      </datafield>
      <datafield ind1="1" ind2="0" tag="245">
         <subfield code="a">Preventing medical emergencies :</subfield>
         <subfield code="b">use of the medical history in dental practice /</subfield>
         <subfield code="c">Frieda Atherton Pickett (RDH, MS, Adjunct Associate Professor, Graduate Division, Department of Dental Hygiene, Idaho State University, Pocatello, Idaho), JoAnn R. Gurenlian (RDH, PhD, Professor and Graduate Program Director, Division of Health Sciences, Department of Dental Hygiene, Idaho State University, Pocatello, Idaho).</subfield>
      </datafield>
      <datafield ind1=" " ind2=" " tag="250">
         <subfield code="a">Third edition.</subfield>
      </datafield>
      <datafield ind1=" " ind2="1" tag="264">
         <subfield code="a">Philadelphia :</subfield>
         <subfield code="b">Wolters Kluwer,</subfield>
         <subfield code="c">[2015]</subfield>
      </datafield>
      <datafield ind1=" " ind2=" " tag="300">
         <subfield code="a">ix, 241 pages :</subfield>
         <subfield code="b">illustrations ;</subfield>
         <subfield code="c">26 cm.</subfield>
      </datafield>
      <datafield ind1=" " ind2=" " tag="336">
         <subfield code="a">text</subfield>
         <subfield code="2">rdacontent</subfield>
         <subfield code="0">http://id.loc.gov/vocabulary/contentTypes/txt</subfield>
      </datafield>
      <datafield ind1=" " ind2=" " tag="337">
         <subfield code="a">unmediated</subfield>
         <subfield code="2">rdamedia</subfield>
         <subfield code="0">http://id.loc.gov/vocabulary/mediaTypes/n</subfield>
      </datafield>
      <datafield ind1=" " ind2=" " tag="338">
         <subfield code="a">volume</subfield>
         <subfield code="2">rdacarrier</subfield>
         <subfield code="0">http://id.loc.gov/vocabulary/carriers/nc</subfield>
      </datafield>
      <datafield ind1=" " ind2=" " tag="504">
         <subfield code="a">Includes bibliographical references and index.</subfield>
      </datafield>
      <datafield ind1="0" ind2=" " tag="505">
         <subfield code="a">Using the medical history to prevent emergencies : risk assessment -- The American Dental Association health history form -- The dental history -- Medical information and current drug therapy -- Total joint replacement and potential effects of bisphosphonates -- Allergies to drugs, environmental substances, foods, and metals -- Substance abuse (controlled substances, tobacco use, alcohol) -- Women's issues (pregnancy, lactation, menopause) and antibiotic prophylaxis -- Blood-related abnormalities and diseases -- Medical conditions involving immunosuppression -- Medical conditions involving the cardiovascular system -- Medical conditions involving neurologic disorders -- Medical conditions involving gastrointestinal disorders and respiratory disease -- Medical conditions involving glaucoma, the kidneys, and thyroid disorders -- Analysis of information with clinical applications.</subfield>
      </datafield>
      <datafield ind1=" " ind2=" " tag="596">
         <subfield code="a">42</subfield>
      </datafield>
      <datafield ind1=" " ind2="0" tag="650">
         <subfield code="a">Interviewing in dentistry.</subfield>
         <subfield code="0">http://id.loc.gov/authorities/subjects/sh2004000292</subfield>
      </datafield>
      <datafield ind1=" " ind2="0" tag="650">
         <subfield code="a">Medical emergencies</subfield>
         <subfield code="x">Prevention.</subfield>
      </datafield>
      <datafield ind1=" " ind2="0" tag="650">
         <subfield code="a">Dental emergencies</subfield>
         <subfield code="x">Prevention.</subfield>
      </datafield>
      <datafield ind1=" " ind2="0" tag="650">
         <subfield code="a">Oral manifestations of general diseases.</subfield>
         <subfield code="0">http://id.loc.gov/authorities/subjects/sh85095243</subfield>
      </datafield>
      <datafield ind1="1" ind2="2" tag="650">
         <subfield code="a">Dental Offices.</subfield>
         <subfield code="0">http://id.nlm.nih.gov/mesh/D003770</subfield>
      </datafield>
      <datafield ind1="1" ind2="2" tag="650">
         <subfield code="a">Emergencies.</subfield>
         <subfield code="0">http://id.nlm.nih.gov/mesh/D004630</subfield>
      </datafield>
      <datafield ind1="2" ind2="2" tag="650">
         <subfield code="a">Iatrogenic Disease</subfield>
         <subfield code="x">prevention &amp; control.</subfield>
         <subfield code="0">http://id.nlm.nih.gov/mesh/D007049Q000517</subfield>
      </datafield>
      <datafield ind1="2" ind2="2" tag="650">
         <subfield code="a">Medical History Taking.</subfield>
         <subfield code="0">http://id.nlm.nih.gov/mesh/D008487</subfield>
      </datafield>
      <datafield ind1="1" ind2=" " tag="700">
         <subfield code="a">Gurenlian, JoAnn R.,</subfield>
         <subfield code="e">author.</subfield>
         <subfield code="0">http://id.loc.gov/authorities/names/n2004120944</subfield>
         <subfield code="0">http://viaf.org/viaf/277602308</subfield>
      </datafield>
      <datafield ind1=" " ind2=" " tag="758">
         <subfield code="0">http://worldcat.org/entity/work/id/3944092915</subfield>
      </datafield>
      <datafield ind1="0" ind2=" " tag="787">
         <subfield code="n">OCLC Work Id</subfield>
         <subfield code="o">http://worldcat.org/entity/work/id/3944092915</subfield>
      </datafield>
      <datafield ind1=" " ind2=" " tag="949">
         <subfield code="a">RK 308.3 P53 2015</subfield>
         <subfield code="c">1</subfield>
         <subfield code="h">UAHL-B</subfield>
         <subfield code="i">0162035168820</subfield>
      </datafield>
      <datafield ind1=" " ind2=" " tag="926">
         <subfield code="a">RK 308.3 P53 2015</subfield>
         <subfield code="w">LC</subfield>
         <subfield code="c">1</subfield>
         <subfield code="i">0162035168820</subfield>
         <subfield code="l">ON_SHELF</subfield>
         <subfield code="m">UAHLTHSC</subfield>
         <subfield code="p">$150.00</subfield>
         <subfield code="r">Y</subfield>
         <subfield code="s">Y</subfield>
         <subfield code="t">BOOK</subfield>
         <subfield code="u">10/17/2014</subfield>
      </datafield>
   </record>
</collection>
